@misc{Kasa25,
author = {笠松 悠太},
title = {光るキーボードを用いた写経型学習によるソースコードタイピング能力への影響の調査},
year = {2025},
note = {芝浦工業大学 工学部 情報工学科 2024年度卒業論文}
}